<?xml version="1.0" encoding="UTF-8"?><record xmlns="http://www.loc.gov/MARC21/slim" xmlns:cinclude="http://apache.org/cocoon/include/1.0" xmlns:zs="http://www.loc.gov/zing/srw/">
  <leader>00625cz  a2200157n  4500</leader>
  <controlfield tag="001">n  78051677 </controlfield>
  <controlfield tag="003">DLC</controlfield>
  <controlfield tag="005">19890518132711.0</controlfield>
  <controlfield tag="008">780802n| acannaab|          |a aaa |||  </controlfield>
  <datafield tag="010" ind1=" " ind2=" ">
    <subfield code="a">n  78051677 </subfield>
  </datafield>
  <datafield tag="040" ind1=" " ind2=" ">
    <subfield code="a">DLC</subfield>
    <subfield code="c">DLC</subfield>
    <subfield code="d">DLC</subfield>
  </datafield>
  <datafield tag="100" ind1="1" ind2="0">
    <subfield code="a">Howes, Brian R.</subfield>
    <subfield code="q">(Brian Richard),</subfield>
    <subfield code="d">1930-</subfield>
  </datafield>
  <datafield tag="400" ind1="1" ind2="0">
    <subfield code="w">nna</subfield>
    <subfield code="a">Howes, Brian Richard,</subfield>
    <subfield code="d">1930-</subfield>
  </datafield>
  <datafield tag="400" ind1="1" ind2="0">
    <subfield code="a">Howes, B. R.</subfield>
    <subfield code="q">(Brian Richard),</subfield>
    <subfield code="d">1930-</subfield>
  </datafield>
  <datafield tag="670" ind1=" " ind2=" ">
    <subfield code="a">His The acceptability of qualifications ... 1976:</subfield>
    <subfield code="b">t.p. (Brian R. Howes, B.A., M.A., A.L.A.A.) Aus CIP data (Howes, Brian Richard, 1930- )</subfield>
  </datafield>
  <datafield tag="670" ind1=" " ind2=" ">
    <subfield code="a">Gorman, G.E. Collection development for Australian library, 1988:</subfield>
    <subfield code="b">t.p. (B.R. Howes)</subfield>
  </datafield>
</record>